@article{pade1,
  title={Os Aproximantes de Padé},
  author={Aguilera-Navarro, Maria Cecília and Aguilera-Navarro, Valdir C and Ferreira, Ricardo C and Teramon, Neuza},
  volume={26/27},
  year={1999}
}
@article{pade2,
  title={Métodos Numéricos em Engenharia Química - Aproximação de Padé},
  author={Evaristo and Argimiro},
  howpublished = {\url={http://www2.peq.coppe.ufrj.br/Pessoal/Professores/Arge/COQ790/Pade.pdf}},
  note = {Acessado em: 04/12/2017},
}
@article{wiki,
  title={Padé Approximants},
  author={},
  howpublished = {\url={https://en.wikipedia.org/wiki/Padé_approximant}},
  note = {Acessado em: 04/12/2017},
}
